@book{Held2014,
author={Held,Leonhard and Sabanâes Bovâe,Daniel },
year={2014},
title={Applied Statistical Inference: Likelihood and Bayes},
publisher={Springer Berlin Heidelberg and SpringerLink (Online service) and SpringerLINK ebooks - Mathematics and Statistics},
address={Berlin, Heidelberg},
}

@article{Morita2008,
author={Morita,Satoshi and Thall,Peter F. and Muller,Peter},
year={2008},
title={Determining the Effective Sample Size of a Parametric Prior},
journal={Biometrics},
volume={64},
number={2},
pages={595-602},
}

@article{Wang2002,
author={Wang,Fei and Gelfand,Alan E.},
year={2002},
title={A Simulation-Based Approach to Bayesian Sample Size Determination for Performance under a Given Model and for Separating Models},
journal={Statistical science},
volume={17},
number={2},
pages={193-208},

}

@article{Sahu2006,
author={Sahu,S. K. and T. M. F. Smith},
year={2006},
title={A Bayesian Method of Sample Size Determination with Practical Applications},
journal={Journal of the Royal Statistical Society. Series A, Statistics in society},
volume={169},
number={2},
pages={235-253},

}